@book{cox2007ideals,
  title={Ideals, varieties, and algorithms: an introduction to computational algebraic geometry and commutative algebra},
  author={Cox, D. A. and Little, J. and O'Shea, D.},
  year={2007},
  publisher={Springer}
}
@book{artin2014algebra,
  title={Algebra},
  author={Artin, M.},
  year={2014},
  publisher={Pearson Education}
}
@book{miller2005combinatorial,
  title={Combinatorial commutative algebra},
  author={Miller, Ezra and Sturmfels, Bernd},
  volume={227},
  year={2005},
  publisher={Springer}
}
@article{fulton1992,
ajournal = "Duke Math. J.",
author = "Fulton, William",
doi = "10.1215/S0012-7094-92-06516-1",
journal = "Duke Mathematical Journal",
month = "03",
number = "3",
pages = "381--420",
publisher = "Duke University Press",
title = "Flags, Schubert polynomials, degeneracy loci, and
 determinantal formulas",
url = "http://dx.doi.org/10.1215/S0012-7094-92-06516-1",
volume = "65",
year = "1992"
}
@book{fulton1998schubert,
  title={Schubert varieties and degeneracy loci},
  author={Fulton, William and Pragacz, Piotr},
  year={1998},
  publisher={Springer}
}
@book {MR0463157,
    AUTHOR = {Hartshorne, Robin},
     TITLE = {Algebraic geometry},
      NOTE = {Graduate Texts in Mathematics, No. 52},
 PUBLISHER = {Springer-Verlag, New York-Heidelberg},
      YEAR = {1977},
     PAGES = {xvi+496},
      ISBN = {0-387-90244-9},
   MRCLASS = {14-01},
  MRNUMBER = {0463157 (57 \#3116)},
MRREVIEWER = {Robert Speiser},
}